@ARTICLE{Blain2002,
   author = {{Blain}, A.~W.},
    title = "{Detecting Gravitational Lensing Cosmic Shear from Samples of Several Galaxies Using Two-dimensional Spectral Imaging}",
  journal = {\apjl},
   eprint = {arXiv:astro-ph/0204138},
 keywords = {Galaxies: ISM, Galaxies: Kinematics and Dynamics, Galaxies: Spiral, Cosmology: Gravitational Lensing, Radio Lines: Galaxies},
     year = 2002,
    month = may,
   volume = 570,
    pages = {L51-L54},
      doi = {10.1086/341103},
   adsurl = {http://adsabs.harvard.edu/abs/2002ApJ...570L..51B},
  adsnote = {Provided by the SAO/NASA Astrophysics Data System}
}

@ARTICLE{Morales2006,
   author = {{Morales}, M.~F.},
    title = "{A Technique for Weak Lensing with Velocity Maps: Eliminating Ellipticity Noise in H I Radio Observations}",
  journal = {\apjl},
   eprint = {arXiv:astro-ph/0608494},
 keywords = {Cosmology: Observations, Cosmology: Gravitational Lensing, Methods: Data Analysis, Radio Lines: Galaxies, Techniques: Radial Velocities},
     year = 2006,
    month = oct,
   volume = 650,
    pages = {L21-L23},
      doi = {10.1086/508614},
   adsurl = {http://adsabs.harvard.edu/abs/2006ApJ...650L..21M},
  adsnote = {Provided by the SAO/NASA Astrophysics Data System}
}
